<?xml version="1.0" encoding="UTF-8"?><record xmlns="http://www.loc.gov/MARC21/slim" xmlns:cinclude="http://apache.org/cocoon/include/1.0" xmlns:zs="http://www.loc.gov/zing/srw/">
  <leader>00412cz  a2200145n  4500</leader>
  <controlfield tag="001">n  98086857 </controlfield>
  <controlfield tag="003">DLC</controlfield>
  <controlfield tag="005">19980925171758.5</controlfield>
  <controlfield tag="008">980925n| acannaab|          |a aaa ||| c</controlfield>
  <datafield tag="010" ind1=" " ind2=" ">
    <subfield code="a">n  98086857 </subfield>
  </datafield>
  <datafield tag="040" ind1=" " ind2=" ">
    <subfield code="a">CU</subfield>
    <subfield code="c">CU</subfield>
  </datafield>
  <datafield tag="100" ind1="1" ind2="0">
    <subfield code="a">Espinosa, Blanca</subfield>
  </datafield>
  <datafield tag="400" ind1="1" ind2="0">
    <subfield code="a">Espinosa, Ma. Blanca</subfield>
  </datafield>
  <datafield tag="400" ind1="1" ind2="0">
    <subfield code="a">Espinosa, Maria Blanca</subfield>
  </datafield>
  <datafield tag="670" ind1=" " ind2=" ">
    <subfield code="a">TecnologiĚas documentales, 1994:</subfield>
    <subfield code="b">t.p. (Blanca Espinosa) spine (Ma. Blanca Espinosa)</subfield>
  </datafield>
</record>